[gd_scene load_steps=10 format=2]

[ext_resource path="res://plugins/minigames/bowling/minigame.gd" type="Script" id=1]
[ext_resource path="res://plugins/minigames/bowling/player.tscn" type="PackedScene" id=2]
[ext_resource path="res://assets/fonts/title_font.tres" type="DynamicFont" id=3]
[ext_resource path="res://scenes/menus/pausemenu.tscn" type="PackedScene" id=4]
[ext_resource path="res://scenes/countdown/countdown.tscn" type="PackedScene" id=5]

[sub_resource type="CubeMesh" id=1]

custom_aabb = AABB( 0, 0, 0, 0, 0, 0 )
size = Vector3( 6, 2, 4 )
subdivide_width = 0
subdivide_height = 0
subdivide_depth = 0

[sub_resource type="BoxShape" id=2]

extents = Vector3( 3, 1, 2 )

[sub_resource type="CubeMesh" id=3]

custom_aabb = AABB( 0, 0, 0, 0, 0, 0 )
size = Vector3( 6, 0.5, 2 )
subdivide_width = 0
subdivide_height = 0
subdivide_depth = 0

[sub_resource type="BoxShape" id=4]

extents = Vector3( 3, 0.25, 1 )

[node name="Spatial" type="Spatial" index="0"]

script = ExtResource( 1 )

[node name="Player1" parent="." index="0" instance=ExtResource( 2 )]

transform = Transform( 1, 0, 0, 0, 1, 0, 0, 0, 1, -1.5, 1.2, -4 )

[node name="Player2" parent="." index="1" instance=ExtResource( 2 )]

transform = Transform( 1, 0, 0, 0, 1, 0, 0, 0, 1, 0, 1.2, -2 )

[node name="Player3" parent="." index="2" instance=ExtResource( 2 )]

transform = Transform( 1, 0, 0, 0, 1, 0, 0, 0, 1, 1.5, 1.2, -4 )

[node name="Player4" parent="." index="3" instance=ExtResource( 2 )]

transform = Transform( 1, 0, 0, 0, 1, 0, 0, 0, 1, 0, 1.2, 4 )
_sections_unfolded = [ "Collision", "Transform" ]
is_solo_player = true

[node name="Ground" type="StaticBody" parent="." index="4"]

editor/display_folded = true
transform = Transform( 1, 0, 0, 0, 1, 0, 0, 0, 1, 0, 0, -3 )
input_ray_pickable = true
input_capture_on_drag = false
collision_layer = 1
collision_mask = 1
friction = 1.0
bounce = 0.0
constant_linear_velocity = Vector3( 0, 0, 0 )
constant_angular_velocity = Vector3( 0, 0, 0 )
_sections_unfolded = [ "Transform" ]

[node name="MeshInstance" type="MeshInstance" parent="Ground" index="0"]

layers = 1
material_override = null
cast_shadow = 1
extra_cull_margin = 0.0
use_in_baked_light = false
lod_min_distance = 0.0
lod_min_hysteresis = 0.0
lod_max_distance = 0.0
lod_max_hysteresis = 0.0
mesh = SubResource( 1 )
skeleton = NodePath("..")
material/0 = null

[node name="CollisionShape" type="CollisionShape" parent="Ground" index="1"]

shape = SubResource( 2 )
disabled = false

[node name="Ground2" type="StaticBody" parent="." index="5"]

editor/display_folded = true
transform = Transform( 1, 0, 0, 0, 1, 0, 0, 0, 1, 0, 0.75, 4 )
input_ray_pickable = true
input_capture_on_drag = false
collision_layer = 1
collision_mask = 1
friction = 1.0
bounce = 0.0
constant_linear_velocity = Vector3( 0, 0, 0 )
constant_angular_velocity = Vector3( 0, 0, 0 )
_sections_unfolded = [ "Transform" ]

[node name="MeshInstance" type="MeshInstance" parent="Ground2" index="0"]

layers = 1
material_override = null
cast_shadow = 1
extra_cull_margin = 0.0
use_in_baked_light = false
lod_min_distance = 0.0
lod_min_hysteresis = 0.0
lod_max_distance = 0.0
lod_max_hysteresis = 0.0
mesh = SubResource( 3 )
skeleton = NodePath("..")
material/0 = null

[node name="CollisionShape" type="CollisionShape" parent="Ground2" index="1"]

shape = SubResource( 4 )
disabled = false

[node name="Camera" type="Camera" parent="." index="6"]

transform = Transform( 1, 0, 0, 0, 0.984808, 0.173648, 0, -0.173648, 0.984808, 0, 4, 8 )
keep_aspect = 1
cull_mask = 1048575
environment = null
h_offset = 0.0
v_offset = 0.0
doppler_tracking = 0
projection = 0
current = false
fov = 70.0
size = 1.0
near = 0.05
far = 100.0
_sections_unfolded = [ "Transform" ]

[node name="DirectionalLight" type="DirectionalLight" parent="." index="7"]

transform = Transform( 1, 0, 0, 0, 0.866025, 0.5, 0, -0.5, 0.866025, 0, 2.58048, 6.14296 )
layers = 1
light_color = Color( 1, 1, 1, 1 )
light_energy = 1.0
light_indirect_energy = 1.0
light_negative = false
light_specular = 0.5
light_bake_mode = 1
light_cull_mask = -1
shadow_enabled = false
shadow_color = Color( 0, 0, 0, 1 )
shadow_bias = 0.1
shadow_contact = 0.0
shadow_reverse_cull_face = false
editor_only = false
directional_shadow_mode = 2
directional_shadow_split_1 = 0.1
directional_shadow_split_2 = 0.2
directional_shadow_split_3 = 0.5
directional_shadow_blend_splits = false
directional_shadow_normal_bias = 0.8
directional_shadow_bias_split_scale = 0.25
directional_shadow_depth_range = 0
directional_shadow_max_distance = 200.0
_sections_unfolded = [ "Transform" ]

[node name="Timer" type="Timer" parent="." index="8"]

process_mode = 1
wait_time = 5.0
one_shot = true
autostart = false

[node name="Screen" type="Control" parent="." index="9"]

anchor_left = 0.0
anchor_top = 0.0
anchor_right = 1.0
anchor_bottom = 1.0
rect_pivot_offset = Vector2( 0, 0 )
rect_clip_content = false
mouse_filter = 0
mouse_default_cursor_shape = 0
size_flags_horizontal = 1
size_flags_vertical = 1

[node name="Label" type="Label" parent="Screen" index="0"]

visible = false
anchor_left = 0.0
anchor_top = 0.0
anchor_right = 1.0
anchor_bottom = 0.0
margin_top = 160.0
margin_bottom = 218.0
rect_pivot_offset = Vector2( 0, 0 )
rect_clip_content = false
mouse_filter = 2
mouse_default_cursor_shape = 0
size_flags_horizontal = 1
size_flags_vertical = 4
custom_fonts/font = ExtResource( 3 )
text = "Finish!"
align = 1
percent_visible = 1.0
lines_skipped = 0
max_lines_visible = -1
_sections_unfolded = [ "Rect", "Visibility" ]

[node name="Time" type="Label" parent="Screen" index="1"]

visible = false
anchor_left = 0.0
anchor_top = 0.0
anchor_right = 1.0
anchor_bottom = 0.0
margin_top = 60.0
margin_bottom = 118.0
rect_pivot_offset = Vector2( 0, 0 )
rect_clip_content = false
mouse_filter = 2
mouse_default_cursor_shape = 0
size_flags_horizontal = 1
size_flags_vertical = 4
custom_fonts/font = ExtResource( 3 )
text = "0.00"
align = 1
clip_text = true
percent_visible = 1.0
lines_skipped = 0
max_lines_visible = -1
_sections_unfolded = [ "custom_fonts" ]

[node name="PauseMenu" parent="Screen" index="2" instance=ExtResource( 4 )]

visible = false

[node name="Countdown" parent="Screen" index="3" instance=ExtResource( 5 )]

[connection signal="timeout" from="Timer" to="." method="_on_EndTimer_timeout"]

[connection signal="finish" from="Screen/Countdown" to="." method="_on_Countdown_finish"]


