[gd_scene load_steps=3 format=2]

[ext_resource path="res://assets/fonts/button_font.tres" type="DynamicFont" id=1]
[ext_resource path="res://assets/fonts/button_font_small.tres" type="DynamicFont" id=2]

[node name="GridContainer" type="GridContainer" index="0"]

anchor_left = 0.0
anchor_top = 0.0
anchor_right = 0.0
anchor_bottom = 0.0
rect_pivot_offset = Vector2( 0, 0 )
rect_clip_content = false
mouse_filter = 1
mouse_default_cursor_shape = 0
size_flags_horizontal = 1
size_flags_vertical = 1
custom_constants/hseparation = 20
columns = 2
_sections_unfolded = [ "custom_constants" ]

[node name="up" type="HBoxContainer" parent="." index="0"]

anchor_left = 0.0
anchor_top = 0.0
anchor_right = 0.0
anchor_bottom = 0.0
margin_right = 322.0
margin_bottom = 29.0
rect_pivot_offset = Vector2( 0, 0 )
rect_clip_content = false
mouse_filter = 1
mouse_default_cursor_shape = 0
size_flags_horizontal = 1
size_flags_vertical = 1
alignment = 0

[node name="Label" type="Label" parent="up" index="0"]

anchor_left = 0.0
anchor_top = 0.0
anchor_right = 0.0
anchor_bottom = 0.0
margin_right = 238.0
margin_bottom = 29.0
rect_min_size = Vector2( 60, 0 )
rect_pivot_offset = Vector2( 0, 0 )
rect_clip_content = false
mouse_filter = 2
mouse_default_cursor_shape = 0
size_flags_horizontal = 1
size_flags_vertical = 4
custom_fonts/font = ExtResource( 1 )
text = "MENU_CONTROLS_DIR_UP"
percent_visible = 1.0
lines_skipped = 0
max_lines_visible = -1
_sections_unfolded = [ "Rect", "custom_fonts" ]

[node name="Button" type="Button" parent="up" index="1"]

anchor_left = 0.0
anchor_top = 0.0
anchor_right = 0.0
anchor_bottom = 0.0
margin_left = 242.0
margin_right = 292.0
margin_bottom = 29.0
rect_min_size = Vector2( 50, 0 )
rect_pivot_offset = Vector2( 0, 0 )
rect_clip_content = false
focus_mode = 2
mouse_filter = 0
mouse_default_cursor_shape = 0
size_flags_horizontal = 1
size_flags_vertical = 1
custom_fonts/font = ExtResource( 2 )
toggle_mode = false
enabled_focus_mode = 2
shortcut = null
group = null
flat = false
align = 1
_sections_unfolded = [ "Rect", "custom_fonts" ]

[node name="action1" type="HBoxContainer" parent="." index="1"]

anchor_left = 0.0
anchor_top = 0.0
anchor_right = 0.0
anchor_bottom = 0.0
margin_left = 342.0
margin_right = 656.0
margin_bottom = 29.0
rect_pivot_offset = Vector2( 0, 0 )
rect_clip_content = false
mouse_filter = 1
mouse_default_cursor_shape = 0
size_flags_horizontal = 1
size_flags_vertical = 1
alignment = 0
_sections_unfolded = [ "Margin" ]

[node name="Label" type="Label" parent="action1" index="0"]

anchor_left = 0.0
anchor_top = 0.0
anchor_right = 0.0
anchor_bottom = 0.0
margin_right = 260.0
margin_bottom = 29.0
rect_min_size = Vector2( 60, 0 )
rect_pivot_offset = Vector2( 0, 0 )
rect_clip_content = false
mouse_filter = 2
mouse_default_cursor_shape = 0
size_flags_horizontal = 1
size_flags_vertical = 4
custom_fonts/font = ExtResource( 1 )
text = "MENU_CONTROLS_ACTION_1"
percent_visible = 1.0
lines_skipped = 0
max_lines_visible = -1
_sections_unfolded = [ "Rect", "custom_fonts" ]

[node name="Button" type="Button" parent="action1" index="1"]

anchor_left = 0.0
anchor_top = 0.0
anchor_right = 0.0
anchor_bottom = 0.0
margin_left = 264.0
margin_right = 314.0
margin_bottom = 29.0
rect_min_size = Vector2( 50, 0 )
rect_pivot_offset = Vector2( 0, 0 )
rect_clip_content = false
focus_mode = 2
mouse_filter = 0
mouse_default_cursor_shape = 0
size_flags_horizontal = 1
size_flags_vertical = 1
custom_fonts/font = ExtResource( 2 )
toggle_mode = false
enabled_focus_mode = 2
shortcut = null
group = null
flat = false
align = 1
_sections_unfolded = [ "Rect", "custom_fonts" ]

[node name="left" type="HBoxContainer" parent="." index="2"]

anchor_left = 0.0
anchor_top = 0.0
anchor_right = 0.0
anchor_bottom = 0.0
margin_top = 33.0
margin_right = 322.0
margin_bottom = 62.0
rect_pivot_offset = Vector2( 0, 0 )
rect_clip_content = false
mouse_filter = 1
mouse_default_cursor_shape = 0
size_flags_horizontal = 1
size_flags_vertical = 1
alignment = 0

[node name="Label" type="Label" parent="left" index="0"]

anchor_left = 0.0
anchor_top = 0.0
anchor_right = 0.0
anchor_bottom = 0.0
margin_right = 253.0
margin_bottom = 29.0
rect_min_size = Vector2( 60, 0 )
rect_pivot_offset = Vector2( 0, 0 )
rect_clip_content = false
mouse_filter = 2
mouse_default_cursor_shape = 0
size_flags_horizontal = 1
size_flags_vertical = 4
custom_fonts/font = ExtResource( 1 )
text = "MENU_CONTROLS_DIR_LEFT"
percent_visible = 1.0
lines_skipped = 0
max_lines_visible = -1
_sections_unfolded = [ "Rect", "custom_fonts" ]

[node name="Button" type="Button" parent="left" index="1"]

anchor_left = 0.0
anchor_top = 0.0
anchor_right = 0.0
anchor_bottom = 0.0
margin_left = 257.0
margin_right = 307.0
margin_bottom = 29.0
rect_min_size = Vector2( 50, 0 )
rect_pivot_offset = Vector2( 0, 0 )
rect_clip_content = false
focus_mode = 2
mouse_filter = 0
mouse_default_cursor_shape = 0
size_flags_horizontal = 1
size_flags_vertical = 1
custom_fonts/font = ExtResource( 2 )
toggle_mode = false
enabled_focus_mode = 2
shortcut = null
group = null
flat = false
align = 1
_sections_unfolded = [ "Rect", "custom_fonts" ]

[node name="action2" type="HBoxContainer" parent="." index="3"]

anchor_left = 0.0
anchor_top = 0.0
anchor_right = 0.0
anchor_bottom = 0.0
margin_left = 342.0
margin_top = 33.0
margin_right = 656.0
margin_bottom = 62.0
rect_pivot_offset = Vector2( 0, 0 )
rect_clip_content = false
mouse_filter = 1
mouse_default_cursor_shape = 0
size_flags_horizontal = 1
size_flags_vertical = 1
alignment = 0
_sections_unfolded = [ "Margin" ]

[node name="Label" type="Label" parent="action2" index="0"]

anchor_left = 0.0
anchor_top = 0.0
anchor_right = 0.0
anchor_bottom = 0.0
margin_right = 260.0
margin_bottom = 29.0
rect_min_size = Vector2( 60, 0 )
rect_pivot_offset = Vector2( 0, 0 )
rect_clip_content = false
mouse_filter = 2
mouse_default_cursor_shape = 0
size_flags_horizontal = 1
size_flags_vertical = 4
custom_fonts/font = ExtResource( 1 )
text = "MENU_CONTROLS_ACTION_2"
percent_visible = 1.0
lines_skipped = 0
max_lines_visible = -1
_sections_unfolded = [ "Rect", "custom_fonts" ]

[node name="Button" type="Button" parent="action2" index="1"]

anchor_left = 0.0
anchor_top = 0.0
anchor_right = 0.0
anchor_bottom = 0.0
margin_left = 264.0
margin_right = 314.0
margin_bottom = 29.0
rect_min_size = Vector2( 50, 0 )
rect_pivot_offset = Vector2( 0, 0 )
rect_clip_content = false
focus_mode = 2
mouse_filter = 0
mouse_default_cursor_shape = 0
size_flags_horizontal = 1
size_flags_vertical = 1
custom_fonts/font = ExtResource( 2 )
toggle_mode = false
enabled_focus_mode = 2
shortcut = null
group = null
flat = false
align = 1
_sections_unfolded = [ "Rect", "custom_fonts" ]

[node name="down" type="HBoxContainer" parent="." index="4"]

anchor_left = 0.0
anchor_top = 0.0
anchor_right = 0.0
anchor_bottom = 0.0
margin_top = 66.0
margin_right = 322.0
margin_bottom = 95.0
rect_pivot_offset = Vector2( 0, 0 )
rect_clip_content = false
mouse_filter = 1
mouse_default_cursor_shape = 0
size_flags_horizontal = 1
size_flags_vertical = 1
alignment = 0

[node name="Label" type="Label" parent="down" index="0"]

anchor_left = 0.0
anchor_top = 0.0
anchor_right = 0.0
anchor_bottom = 0.0
margin_right = 268.0
margin_bottom = 29.0
rect_min_size = Vector2( 60, 0 )
rect_pivot_offset = Vector2( 0, 0 )
rect_clip_content = false
mouse_filter = 2
mouse_default_cursor_shape = 0
size_flags_horizontal = 1
size_flags_vertical = 4
custom_fonts/font = ExtResource( 1 )
text = "MENU_CONTROLS_DIR_DOWN"
percent_visible = 1.0
lines_skipped = 0
max_lines_visible = -1
_sections_unfolded = [ "Rect", "custom_fonts" ]

[node name="Button" type="Button" parent="down" index="1"]

anchor_left = 0.0
anchor_top = 0.0
anchor_right = 0.0
anchor_bottom = 0.0
margin_left = 272.0
margin_right = 322.0
margin_bottom = 29.0
rect_min_size = Vector2( 50, 0 )
rect_pivot_offset = Vector2( 0, 0 )
rect_clip_content = false
focus_mode = 2
mouse_filter = 0
mouse_default_cursor_shape = 0
size_flags_horizontal = 1
size_flags_vertical = 1
custom_fonts/font = ExtResource( 2 )
toggle_mode = false
enabled_focus_mode = 2
shortcut = null
group = null
flat = false
align = 1
_sections_unfolded = [ "Rect", "custom_fonts" ]

[node name="action3" type="HBoxContainer" parent="." index="5"]

anchor_left = 0.0
anchor_top = 0.0
anchor_right = 0.0
anchor_bottom = 0.0
margin_left = 342.0
margin_top = 66.0
margin_right = 656.0
margin_bottom = 95.0
rect_pivot_offset = Vector2( 0, 0 )
rect_clip_content = false
mouse_filter = 1
mouse_default_cursor_shape = 0
size_flags_horizontal = 1
size_flags_vertical = 1
alignment = 0
_sections_unfolded = [ "Margin" ]

[node name="Label" type="Label" parent="action3" index="0"]

anchor_left = 0.0
anchor_top = 0.0
anchor_right = 0.0
anchor_bottom = 0.0
margin_right = 260.0
margin_bottom = 29.0
rect_min_size = Vector2( 60, 0 )
rect_pivot_offset = Vector2( 0, 0 )
rect_clip_content = false
mouse_filter = 2
mouse_default_cursor_shape = 0
size_flags_horizontal = 1
size_flags_vertical = 4
custom_fonts/font = ExtResource( 1 )
text = "MENU_CONTROLS_ACTION_3"
percent_visible = 1.0
lines_skipped = 0
max_lines_visible = -1
_sections_unfolded = [ "Rect", "custom_fonts" ]

[node name="Button" type="Button" parent="action3" index="1"]

anchor_left = 0.0
anchor_top = 0.0
anchor_right = 0.0
anchor_bottom = 0.0
margin_left = 264.0
margin_right = 314.0
margin_bottom = 29.0
rect_min_size = Vector2( 50, 0 )
rect_pivot_offset = Vector2( 0, 0 )
rect_clip_content = false
focus_mode = 2
mouse_filter = 0
mouse_default_cursor_shape = 0
size_flags_horizontal = 1
size_flags_vertical = 1
custom_fonts/font = ExtResource( 2 )
toggle_mode = false
enabled_focus_mode = 2
shortcut = null
group = null
flat = false
align = 1
_sections_unfolded = [ "Rect", "custom_fonts" ]

[node name="right" type="HBoxContainer" parent="." index="6"]

anchor_left = 0.0
anchor_top = 0.0
anchor_right = 0.0
anchor_bottom = 0.0
margin_top = 99.0
margin_right = 322.0
margin_bottom = 128.0
rect_pivot_offset = Vector2( 0, 0 )
rect_clip_content = false
mouse_filter = 1
mouse_default_cursor_shape = 0
size_flags_horizontal = 1
size_flags_vertical = 1
alignment = 0

[node name="Label" type="Label" parent="right" index="0"]

anchor_left = 0.0
anchor_top = 0.0
anchor_right = 0.0
anchor_bottom = 0.0
margin_right = 268.0
margin_bottom = 29.0
rect_min_size = Vector2( 60, 0 )
rect_pivot_offset = Vector2( 0, 0 )
rect_clip_content = false
mouse_filter = 2
mouse_default_cursor_shape = 0
size_flags_horizontal = 1
size_flags_vertical = 4
custom_fonts/font = ExtResource( 1 )
text = "MENU_CONTROLS_DIR_RIGHT"
percent_visible = 1.0
lines_skipped = 0
max_lines_visible = -1
_sections_unfolded = [ "Rect", "custom_fonts" ]

[node name="Button" type="Button" parent="right" index="1"]

anchor_left = 0.0
anchor_top = 0.0
anchor_right = 0.0
anchor_bottom = 0.0
margin_left = 272.0
margin_right = 322.0
margin_bottom = 29.0
rect_min_size = Vector2( 50, 0 )
rect_pivot_offset = Vector2( 0, 0 )
rect_clip_content = false
focus_neighbour_right = NodePath("../../action4/Button")
focus_mode = 2
mouse_filter = 0
mouse_default_cursor_shape = 0
size_flags_horizontal = 1
size_flags_vertical = 1
custom_fonts/font = ExtResource( 2 )
toggle_mode = false
enabled_focus_mode = 2
shortcut = null
group = null
flat = false
align = 1
_sections_unfolded = [ "Rect", "custom_fonts" ]

[node name="action4" type="HBoxContainer" parent="." index="7"]

anchor_left = 0.0
anchor_top = 0.0
anchor_right = 0.0
anchor_bottom = 0.0
margin_left = 342.0
margin_top = 99.0
margin_right = 656.0
margin_bottom = 128.0
rect_pivot_offset = Vector2( 0, 0 )
rect_clip_content = false
mouse_filter = 1
mouse_default_cursor_shape = 0
size_flags_horizontal = 1
size_flags_vertical = 1
alignment = 0
_sections_unfolded = [ "Margin" ]

[node name="Label" type="Label" parent="action4" index="0"]

anchor_left = 0.0
anchor_top = 0.0
anchor_right = 0.0
anchor_bottom = 0.0
margin_right = 260.0
margin_bottom = 29.0
rect_min_size = Vector2( 60, 0 )
rect_pivot_offset = Vector2( 0, 0 )
rect_clip_content = false
mouse_filter = 2
mouse_default_cursor_shape = 0
size_flags_horizontal = 1
size_flags_vertical = 4
custom_fonts/font = ExtResource( 1 )
text = "MENU_CONTROLS_ACTION_4"
percent_visible = 1.0
lines_skipped = 0
max_lines_visible = -1
_sections_unfolded = [ "Rect", "custom_fonts" ]

[node name="Button" type="Button" parent="action4" index="1"]

anchor_left = 0.0
anchor_top = 0.0
anchor_right = 0.0
anchor_bottom = 0.0
margin_left = 264.0
margin_right = 314.0
margin_bottom = 29.0
rect_min_size = Vector2( 50, 0 )
rect_pivot_offset = Vector2( 0, 0 )
rect_clip_content = false
focus_neighbour_left = NodePath("../../right/Button")
focus_mode = 2
mouse_filter = 0
mouse_default_cursor_shape = 0
size_flags_horizontal = 1
size_flags_vertical = 1
custom_fonts/font = ExtResource( 2 )
toggle_mode = false
enabled_focus_mode = 2
shortcut = null
group = null
flat = false
align = 1

[node name="Spacer" type="Control" parent="." index="8"]

anchor_left = 0.0
anchor_top = 0.0
anchor_right = 0.0
anchor_bottom = 0.0
margin_top = 132.0
margin_right = 322.0
margin_bottom = 152.0
rect_min_size = Vector2( 0, 20 )
rect_pivot_offset = Vector2( 0, 0 )
rect_clip_content = false
mouse_filter = 0
mouse_default_cursor_shape = 0
size_flags_horizontal = 1
size_flags_vertical = 1
_sections_unfolded = [ "Rect" ]

[node name="Spacer2" type="Control" parent="." index="9"]

anchor_left = 0.0
anchor_top = 0.0
anchor_right = 0.0
anchor_bottom = 0.0
margin_left = 342.0
margin_top = 132.0
margin_right = 656.0
margin_bottom = 152.0
rect_min_size = Vector2( 0, 20 )
rect_pivot_offset = Vector2( 0, 0 )
rect_clip_content = false
mouse_filter = 0
mouse_default_cursor_shape = 0
size_flags_horizontal = 1
size_flags_vertical = 1
_sections_unfolded = [ "Rect" ]

[node name="ok" type="HBoxContainer" parent="." index="10"]

anchor_left = 0.0
anchor_top = 0.0
anchor_right = 0.0
anchor_bottom = 0.0
margin_top = 156.0
margin_right = 322.0
margin_bottom = 185.0
rect_pivot_offset = Vector2( 0, 0 )
rect_clip_content = false
mouse_filter = 1
mouse_default_cursor_shape = 0
size_flags_horizontal = 1
size_flags_vertical = 1
alignment = 0
_sections_unfolded = [ "Margin" ]

[node name="Label" type="Label" parent="ok" index="0"]

anchor_left = 0.0
anchor_top = 0.0
anchor_right = 0.0
anchor_bottom = 0.0
margin_right = 222.0
margin_bottom = 29.0
rect_min_size = Vector2( 60, 0 )
rect_pivot_offset = Vector2( 0, 0 )
rect_clip_content = false
mouse_filter = 2
mouse_default_cursor_shape = 0
size_flags_horizontal = 1
size_flags_vertical = 4
custom_fonts/font = ExtResource( 1 )
text = "MENU_LABEL_CONTINUE"
percent_visible = 1.0
lines_skipped = 0
max_lines_visible = -1
_sections_unfolded = [ "Rect", "custom_fonts" ]

[node name="Button" type="Button" parent="ok" index="1"]

anchor_left = 0.0
anchor_top = 0.0
anchor_right = 0.0
anchor_bottom = 0.0
margin_left = 226.0
margin_right = 276.0
margin_bottom = 29.0
rect_min_size = Vector2( 50, 0 )
rect_pivot_offset = Vector2( 0, 0 )
rect_clip_content = false
focus_mode = 2
mouse_filter = 0
mouse_default_cursor_shape = 0
size_flags_horizontal = 1
size_flags_vertical = 1
custom_fonts/font = ExtResource( 2 )
toggle_mode = false
enabled_focus_mode = 2
shortcut = null
group = null
flat = false
align = 1
_sections_unfolded = [ "Rect", "custom_fonts" ]

[node name="pause" type="HBoxContainer" parent="." index="11"]

anchor_left = 0.0
anchor_top = 0.0
anchor_right = 0.0
anchor_bottom = 0.0
margin_left = 342.0
margin_top = 156.0
margin_right = 656.0
margin_bottom = 185.0
rect_pivot_offset = Vector2( 0, 0 )
rect_clip_content = false
mouse_filter = 1
mouse_default_cursor_shape = 0
size_flags_horizontal = 1
size_flags_vertical = 1
alignment = 0
_sections_unfolded = [ "Margin" ]

[node name="Label" type="Label" parent="pause" index="0"]

anchor_left = 0.0
anchor_top = 0.0
anchor_right = 0.0
anchor_bottom = 0.0
margin_right = 189.0
margin_bottom = 29.0
rect_min_size = Vector2( 60, 0 )
rect_pivot_offset = Vector2( 0, 0 )
rect_clip_content = false
mouse_filter = 2
mouse_default_cursor_shape = 0
size_flags_horizontal = 1
size_flags_vertical = 4
custom_fonts/font = ExtResource( 1 )
text = "MENU_LABEL_PAUSE"
percent_visible = 1.0
lines_skipped = 0
max_lines_visible = -1
_sections_unfolded = [ "Rect", "custom_fonts" ]

[node name="Button" type="Button" parent="pause" index="1"]

anchor_left = 0.0
anchor_top = 0.0
anchor_right = 0.0
anchor_bottom = 0.0
margin_left = 193.0
margin_right = 243.0
margin_bottom = 29.0
rect_min_size = Vector2( 50, 0 )
rect_pivot_offset = Vector2( 0, 0 )
rect_clip_content = false
focus_mode = 2
mouse_filter = 0
mouse_default_cursor_shape = 0
size_flags_horizontal = 1
size_flags_vertical = 1
custom_fonts/font = ExtResource( 2 )
toggle_mode = false
enabled_focus_mode = 2
shortcut = null
group = null
flat = false
align = 1
_sections_unfolded = [ "Rect", "custom_fonts" ]


